% We suggest you name the references according to the convention
%    authorYYYYfirstword
% This is how they pop out of Google Scholar when you export .bib
% references anyway and will make it easier to work with. 

%[1] G. O. Young, “Synthetic structure of industrial plastics (Book style with paper title and editor),” in Plastics, 2nd ed. vol. 3, J. Peters, Ed.  New York: McGraw-Hill, 1964, pp. 15–64.
@incollection{young1964synthetic,
  author = {Young, G O},
  title = {Synthetic structure of industrial plastics},
  year = {1964},
  booktitle = {Plastics},
  edition = {2nd},
  volume = {3},
  editor = {Peters, J.},
  address = {New York},
  publisher = {McGraw-Hill},
  pages = {15--64}
  }

%[2] W.-K. Chen, Linear Networks and Systems (Book style). Belmont, CA: Wadsworth, 1993, pp. 123–135.
@book{chen1993linear,
  author = {Chen, W-K},
  title = {Linear Networks and Systems},
  address = {Belmont, CA},
  publisher = {Wadsworth},
  year = {1993},
  pages = {123--135}
  }

%[3] H. Poor, An Introduction to Signal Detection and Estimation (Book style with chapter ref)   New York: Springer-Verlag, 1985, ch. 4.
@inbook{poor1985introduction,
  author = {Poor, H},
  title = {An Introduction to Signal Detection and Estimation},
  address = {New York},
  publisher = {Springer-Verlag},
  year = {1985},
  chapter = {4}
  }

%[4] B. Smith, “An approach to graphs of linear forms (Unpublished work style),” unpublished.
@misc{smithUNapproach,
  author = {Smith, B},
  title = {An approach to graphs of linear forms},
  howpublished = {unpublished}
  }

%[5] C. J. Kaufman, Rocky Mountain Research Lab., Boulder, CO, private communication, May 1995.
@misc{kaufmanprivatecomm,
  author = {Kaufman, C J},
  year = {1995},
  date = {May 1995},
  address = {Rocky Mountain Research Lab, Boulder, CO},
  howpublished = {private communication}
  }

%[6] J. U. Duncombe, “Infrared navigation—Part I: An assessment of feasibility (Periodical style),” IEEE Trans. Electron Devices, vol. ED-11, pp. 34–39, Jan. 1959.
@article{duncombe1959infrared,
  author = {Duncombe, J U},
  title = {Infrared navigation -- {P}art {I}: An assessment of feasibility},
  journal = {IEEE Trans Electron Devices},
  volume = {ED-11},
  pages = {34--39},
  year = {1959}
  }

%[7] S. P. Bingulac, “On the compatibility of adaptive controllers (Published Conference Proceedings style),” in Proc. 4th Annu. Allerton Conf. Circuits and Systems Theory, New York, 1994, pp. 8–16.
@inproceedings{bingulac1994compatibility,
  author = {Bingulac, S P},
  title = {On the compatibility of adaptive controllers},
  booktitle = {Proc.~4th Annu.~Allerton Conf.~Circuits and Systems Theory},
  address = {New York},
  year = {1994},
  pages = {8--16}
  }

%[8] G. W. Juette and L. E. Zeffanella, “Radio noise currents n short sections on bundle conductors (Presented Conference Paper style),” presented at the IEEE Summer power Meeting, Dallas, TX, Jun. 22–27, 1990, Paper 90 SM 690-0 PWRS.
@inproceedings{juette1990radio,
  author = {Juette, G W and Zeffanella, L E},
  title = {Radio noise currents in short sections of bundle conductors},
  booktitle = {IEEE Summer Power Meeting, Dallas, TX, Jun 22--27},
  year = {1990},
  address = {Dallas, TX},
  note = {Paper 90 SM 690-0 PWRS}
  }

%[9] J. Williams, “Narrow-band analyzer (Thesis or Dissertation style),” Ph.D. dissertation, Dept. Elect. Eng., Harvard Univ., Cambridge, MA, 1993. 
@phdthesis{williams1993narrow,
  author = {Williams, J},
  title = {Narrow-band analyzer},
  department = {Dept. Elect. Eng.},
  school = {Harvard Univ.},
  address = {Cambridge, MA},
  year = {1993}
  }

%[10] N. Kawasaki, “Parametric study of thermal and chemical nonequilibrium nozzle flow,” M.S. thesis, Dept. Electron. Eng., Osaka Univ., Osaka, Japan, 1993.
@mastersthesis{kawasaki1993parameteric,
  author = {Kawasaki, N},
  title = {Parametric study of thermal and chemical nonequilibrium nozzle flow},
  department = {Dept.~Electron.~Eng.},
  school = {Osaka Univ.},
  address = {Osaka, Japan},
  year = {1993}
  }

%[11] J. P. Wilkinson, “Nonlinear resonant circuit devices (Patent style),” U.S. Patent 3 624 12, July 16, 1990.
%????
@misc{wilkinson1990nonliinear,
  author = {Wilkinson, J P},
  title = {Nonlinear resonant circuit devices},
  year = {1990},
  howpublished = {US Patent 3 624 12, July 16, 1990}
  }

%[12] IEEE Criteria for Class IE Electric Systems (Standards style), IEEE Standard 308, 1969.
%????
@manual{ieee308,
  title = {IEEE Criteria for Class IE Electric Systems},
  year = {1969},
  note = {IEEE Standard 308}
  }

%[13] R. E. Haskell and C. T. Case, “Transient signal propagation in lossless isotropic plasmas (Report style),” USAF Cambridge Res. Lab., Cambridge, MA Rep. ARCRL-66-234 (II), 1994, vol. 2.
@techreport{haskell1994transient,
  author = {Haskell, R E and Case, C T},
  title = {Transient signal propagation in lossless isotropic plasmas},
  institution = {USAF Cambridge Res. Lab},
  year = {1994},
  address = {Cambridge, MA},
  note = {ARCL-66-234 (II)},
  volume = {2}
  }

%[14] (Handbook style) Transmission Systems for Communications, 3rd ed., Western Electric Co., Winston-Salem, NC, 1985, pp. 44–60.
%????
@manual{wec1985transmission,
  title = {Transmission Systems for Communications},
  edition = {3rd},
  organization = {Western Electric Co.},
  address = {Winston-Salem, NC},
  year = {1985},
  pages = {44--60}
  }

%[15]  (Basic Book/Monograph Online Sources) J. K. Author. (year, month, day). Title (edition) [Type of medium]. Volume (issue).	 Available: http://www.(URL)
%Other fields you can add:
%edition={1st},
%volume={41},
%note={Useful things like type of medium or whatever},
@book{author2018title,
  author = {Author, J K},
  year = {2018},
  title = {Title},
  publisher = {Publisher},
  url = {http://www.url.edu}
  }

%[16] J. Jones. (1991, May 10). Networks (2nd ed.) [Online]. Available: http://www.atm.com
@book{jones1991networks,
  author = {Jones, J},
  year = {1991},
  title = {Networks},
  edition = {2nd},
  url = {http://www.atm.com}
  }
  
%[17] (Journal Online Sources style) K. Author. (year, month). Title. Journal [Type of medium]. Volume(issue), paging if given.	  Available: http://www.(URL)
%  issue = {1},
%  note = {other useful notes like type of medium},
%  month = {5},
@article{author2018journal,
  author = {Author, K},
  year = {2018},
  title = {Title},
  journal = {Journal},
  volume = {1},
  pages = {1--5},
  url = {http://www.url.edu}
  }

%[18] R. J. Vidmar. (1992, August). On the use of atmospheric plasmas as electromagnetic reflectors. IEEE Trans. Plasma Sci. [Online]. 21(3). pp. 876–880.   Available: http://www.halcyon.com/pub/journals/21ps03-vidmar
@article{vidmar1992on,
  author = {Vidmar, R J},
  year = {1992},
  title = {On the use of atmospheric plasmas as electromagnetic reflectors},
  journal = {IEEE Trans. Plasma Sci.},
  volume = {21},
  issue = {2},
  pages = {876--880},
  url = {http://www.halcyon.com/pub/journals/21ps03-vidmar}
  }
