% [1] C. Clark, "Courtship dives of Anna's hummingbird offer insights into flight performance limits", Proceedings of the Royal Society B: Biological Sciences, vol. 276, no. 1670, pp. 3047-3052, 2009 [Online]. Available: https://royalsocietypublishing.org/doi/pdf/10.1098/rspb.2009.0508. [Accessed: 19- Feb- 2019] 

@article{clark2009courtship,
  author = {Clark, Christopher J.},
  year = {2009},
  title = {Courtship dives of {A}nna's hummingbird offer insights into flight performance limits},
  journal = {{Proceedings of the Royal Society B: Biological Sciences}},
  volume = {276},
  pages = {3047--3052},
  doi = {10.1098/rspb.2009.0508}}

% [2] D. Mellinger and V. Kumar, "Minimum snap trajectory generation and control for quadrotors," 2011 IEEE International Conference on Robotics and Automation, Shanghai, 2011, pp. 2520-2525 [Online]. Available: http://ieeexplore.ieee.org/stamp/stamp.jsp?tp=&arnumber=5980409&isnumber=5979525. [Accessed: 19- Feb- 2019]
@inproceedings{mellinger2011minimum,
  author = {Mellinger, D. and Kumar, V.},
  year = {2011},
  title = {Minimum snap trajectory generation and control for quadrotors},
  booktitle = {{2011 IEEE International Conference on Robotics and Automation}},
  address = {Shanghai},
  pages = {2520--2525}}
